[gd_scene load_steps=14 format=2]

[ext_resource path="res://MiniGames/Hammering/Icons/Breathing2.png" type="Texture2D" id=1]
[ext_resource path="res://MiniGames/Hammering/BreathingIcon.gd" type="Script" id=2]

[sub_resource type="AtlasTexture" id=5]
atlas = ExtResource( 1 )
region = Rect2( 0, 0, 16, 16 )

[sub_resource type="AtlasTexture" id=6]
atlas = ExtResource( 1 )
region = Rect2( 16, 0, 16, 16 )

[sub_resource type="AtlasTexture" id=7]
atlas = ExtResource( 1 )
region = Rect2( 32, 0, 16, 16 )

[sub_resource type="AtlasTexture" id=8]
atlas = ExtResource( 1 )
region = Rect2( 48, 0, 16, 16 )

[sub_resource type="AtlasTexture" id=9]
atlas = ExtResource( 1 )
region = Rect2( 64, 0, 16, 16 )

[sub_resource type="AtlasTexture" id=1]
atlas = ExtResource( 1 )
region = Rect2( 96, 0, 16, 16 )

[sub_resource type="AtlasTexture" id=2]
atlas = ExtResource( 1 )
region = Rect2( 112, 0, 16, 16 )

[sub_resource type="AtlasTexture" id=3]
atlas = ExtResource( 1 )
region = Rect2( 128, 0, 16, 16 )

[sub_resource type="AtlasTexture" id=4]
atlas = ExtResource( 1 )
region = Rect2( 144, 0, 16, 16 )

[sub_resource type="AtlasTexture" id=10]
atlas = ExtResource( 1 )
region = Rect2( 80, 0, 16, 16 )

[sub_resource type="SpriteFrames" id=11]
animations = [ {
"frames": [ SubResource( 5 ), SubResource( 6 ), SubResource( 7 ), SubResource( 8 ), SubResource( 9 ), SubResource( 1 ), SubResource( 2 ), SubResource( 3 ), SubResource( 4 ), SubResource( 5 ), SubResource( 10 ), SubResource( 10 ), SubResource( 10 ) ],
"loop": true,
"name": "breathe",
"speed": 5.0
} ]

[node name="PathFollow2D" type="PathFollow2D"]
rotate = false
loop = false
script = ExtResource( 2 )

[node name="BreathingIcon" type="AnimatedSprite2D" parent="."]
frames = SubResource( 11 )
animation = "breathe"
frame = 8
speed_scale = 2.0
playing = true
